@Article{Denner:2005fg,
     author    = "Denner, Ansgar and others",
     title     = "{Electroweak corrections to charged-current $e^+ e^-\to 4\,$
                  fermion  processes: Technical details and further
                  results}",
     journal   = "Nucl. Phys.",
     volume    = "B724",
     year      = "2005",
     pages     = "247-294",
     eprint    = "hep-ph/0505042",
     archivePrefix = "arXiv",
     doi       = "10.1016/j.nuclphysb.2005.06.033",
     SLACcitation  = "%%CITATION = HEP-PH/0505042;%%"
}

@article{Cacciari:2008gp,
      author         = "Cacciari, Matteo and Salam, Gavin P. and Soyez, Gregory",
      title          = "{The anti-$k_t$ jet clustering algorithm}",
      journal        = "JHEP",
      volume         = "04",
      year           = "2008",
      pages          = "063",
      doi            = "10.1088/1126-6708/2008/04/063",
      eprint         = "0802.1189",
      archivePrefix  = "arXiv",
      primaryClass   = "hep-ph",
      reportNumber   = "LPTHE-07-03",
      SLACcitation   = "%%CITATION = ARXIV:0802.1189;%%"
}

@techreport{CMS-PAS-SMP-16-019,
      title         = "{Measurements of differential cross sections and search
                       for the electroweak production of two Z bosons produced in
                       association with jets}",
      institution   = "CERN",
      collaboration = "CMS Collaboration",
      address       = "Geneva",
      number        = "CMS-PAS-SMP-16-019",
      year          = "2017",
      reportNumber  = "CMS-PAS-SMP-16-019",
      url           = "http://cds.cern.ch/record/2264556",
}

@techreport{CMS-PAS-SMP-14-008,
      title         = "{Prospects for the study of vector boson scattering in
                       same sign WW and WZ interactions at the HL-LHC with the
                       upgraded CMS detector}",
      institution   = "CERN",
      collaboration = "CMS Collaboration",
      address       = "Geneva",
      number        = "CMS-PAS-SMP-14-008",
      year          = "2016",
      reportNumber  = "CMS-PAS-SMP-14-008",
      url           = "https://cds.cern.ch/record/2220831",
}

@article{Aad:2016ett,
      author         = "Aad, Georges and others",
      title          = "{Measurements of $W^\pm Z$ production cross sections in
                        $pp$ collisions at $\sqrt{s} = 8$ TeV with the ATLAS
                        detector and limits on anomalous gauge boson
                        self-couplings}",
      collaboration  = "ATLAS",
      journal        = "Phys. Rev.",
      volume         = "D93",
      year           = "2016",
      number         = "9",
      pages          = "092004",
      doi            = "10.1103/PhysRevD.93.092004",
      eprint         = "1603.02151",
      archivePrefix  = "arXiv",
      primaryClass   = "hep-ex",
      reportNumber   = "CERN-EP-2016-017",
      SLACcitation   = "%%CITATION = ARXIV:1603.02151;%%"
}


@article{Denner:2012dz,
      author         = "Denner, A. and Ho\v{s}ekov\'a, L. and Kallweit, S.",
      title          = "{NLO QCD corrections to $W^+ W^+ jj$ production in
                        vector-boson fusion at the LHC}",
      journal        = "Phys. Rev.",
      volume         = "D86",
      year           = "2012",
      pages          = "114014",
      doi            = "10.1103/PhysRevD.86.114014",
      eprint         = "1209.2389",
      archivePrefix  = "arXiv",
      primaryClass   = "hep-ph",
      reportNumber   = "LPN12-093, ZU-TH-19-12",
      SLACcitation   = "%%CITATION = ARXIV:1209.2389;%%"
}

@article{Denner:2000bj,
      author         = "Denner, Ansgar and Dittmaier, S. and Roth, M. and
                        Wackeroth, D.",
      title          = "{Electroweak radiative corrections to ${e}^+ {e}^- \to {W W} \to$
                        4 fermions in double-pole approximation: The RACOONWW
                        approach}",
      journal        = "Nucl. Phys.",
      volume         = "B587",
      year           = "2000",
      pages          = "67-117",
      doi            = "10.1016/S0550-3213(00)00511-3",
      eprint         = "hep-ph/0006307",
      archivePrefix  = "arXiv",
      primaryClass   = "hep-ph",
      reportNumber   = "BI-TP-2000-06, LU-ITP-2000-003, PSI-PR-00-11, UR-1604",
      SLACcitation   = "%%CITATION = HEP-PH/0006307;%%"
}

@article{Buckley:2014ana,
      author         = "Buckley, Andy and Ferrando, James and Lloyd, Stephen and
                        Nordstr{\"o}m, Karl and Page, Ben and R{\"u}fenacht, Martin and
                        Sch{\"o}nherr, Marek and Watt, Graeme",
      title          = "{LHAPDF6: parton density access in the LHC precision
                        era}",
      journal        = "Eur. Phys. J.",
      volume         = "C75",
      year           = "2015",
      pages          = "132",
      doi            = "10.1140/epjc/s10052-015-3318-8",
      eprint         = "1412.7420",
      archivePrefix  = "arXiv",
      primaryClass   = "hep-ph",
      reportNumber   = "GLAS-PPE-2014-05, MCNET-14-29, IPPP-14-111, DCPT-14-222",
      SLACcitation   = "%%CITATION = ARXIV:1412.7420;%%"
}

@article{Bardin:1988xt,
      author         = "Bardin, D. {\relax Yu}. and Leike, A. and Riemann, T. and
                        Sachwitz, M.",
      title          = "{Energy-dependent width effects in ${e}^+ {e}^-$-annihilation
                        near the Z-boson pole}",
      journal        = "Phys. Lett.",
      volume         = "B206",
      year           = "1988",
      pages          = "539-542",
      doi            = "10.1016/0370-2693(88)91625-5",
      reportNumber   = "PHE-88-03",
      SLACcitation   = "%%CITATION = PHLTA,B206,539;%%"
}

@article{Campanario:2013qba,
      author         = "Campanario, Francisco and Kerner, Matthias and Ninh, Le
                        Duc and Zeppenfeld, Dieter",
      title          = "{WZ Production in Association with Two Jets at
                        Next-to-Leading Order in QCD}",
      journal        = "Phys. Rev. Lett.",
      volume         = "111",
      year           = "2013",
      number         = "5",
      pages          = "052003",
      doi            = "10.1103/PhysRevLett.111.052003",
      eprint         = "1305.1623",
      archivePrefix  = "arXiv",
      primaryClass   = "hep-ph",
      reportNumber   = "FTUV-13-0507, IFIC-13-22, KA-TP-09-2013, LPN13-029,
                        SFB-CPP-13-28",
      SLACcitation   = "%%CITATION = ARXIV:1305.1623;%%"
}


@article{Bozzi:2007ur,
      author         = "Bozzi, Giuseppe and Jager, Barbara and Oleari, Carlo and
                        Zeppenfeld, Dieter",
      title          = "{Next-to-leading order QCD corrections to W+ Z and W- Z
                        production via vector-boson fusion}",
      journal        = "Phys. Rev.",
      volume         = "D75",
      year           = "2007",
      pages          = "073004",
      doi            = "10.1103/PhysRevD.75.073004",
      eprint         = "hep-ph/0701105",
      archivePrefix  = "arXiv",
      primaryClass   = "hep-ph",
      reportNumber   = "BICOCCA-FT-07-1, KA-TP-01-2007, SFB-CPP-07-02",
      SLACcitation   = "%%CITATION = HEP-PH/0701105;%%"
}

@inproceedings{Anders:2018gfr,
      author         = "Anders, Christoph Falk and others",
      title          = "{VBSCan Split 2017 Workshop Summary}",
      url            = "http://inspirehep.net/record/1647952/files/arXiv:1801.04203.pdf",
      year           = "2018",
      eprint         = "1801.04203",
      archivePrefix  = "arXiv",
      primaryClass   = "hep-ph",
      reportNumber   = "VBSCAN-PUB-01-17, FERMILAB-CONF-18-021-PPD",
      SLACcitation   = "%%CITATION = ARXIV:1801.04203;%%"
}

@article{Aad:2014zda,
      author         = "Aad, Georges and others",
      title          = "{Evidence for Electroweak Production of
                        $W^{\pm}W^{\pm}jj$ in $pp$ Collisions at $\sqrt{s}=8$ TeV
                        with the ATLAS Detector}",
      collaboration  = "ATLAS",
      journal        = "Phys. Rev. Lett.",
      volume         = "113",
      year           = "2014",
      number         = "14",
      pages          = "141803",
      doi            = "10.1103/PhysRevLett.113.141803",
      eprint         = "1405.6241",
      archivePrefix  = "arXiv",
      primaryClass   = "hep-ex",
      reportNumber   = "CERN-PH-EP-2014-079",
      SLACcitation   = "%%CITATION = ARXIV:1405.6241;%%"
}

@article{Khachatryan:2014sta,
      author         = "Khachatryan, Vardan and others",
      title          = "{Study of vector boson scattering and search for new
                        physics in events with two same-sign leptons and two
                        jets}",
      collaboration  = "CMS",
      journal        = "Phys. Rev. Lett.",
      volume         = "114",
      year           = "2015",
      number         = "5",
      pages          = "051801",
      doi            = "10.1103/PhysRevLett.114.051801",
      eprint         = "1410.6315",
      archivePrefix  = "arXiv",
      primaryClass   = "hep-ex",
      reportNumber   = "CMS-SMP-13-015, CERN-PH-EP-2014-250",
      SLACcitation   = "%%CITATION = ARXIV:1410.6315;%%"
}

@article{Aaboud:2016ffv,
      author         = "Aaboud, Morad and others",
      title          = "{Measurement of $W^{\pm}W^{\pm}$ vector-boson scattering
                        and limits on anomalous quartic gauge couplings with the
                        ATLAS detector}",
      collaboration  = "ATLAS",
      journal        = "Phys. Rev.",
      volume         = "D96",
      year           = "2017",
      pages          = "012007",
      doi            = "10.1103/PhysRevD.96.012007",
      eprint         = "1611.02428",
      archivePrefix  = "arXiv",
      primaryClass   = "hep-ex",
      reportNumber   = "CERN-EP-2016-167",
      SLACcitation   = "%%CITATION = ARXIV:1611.02428;%%"
}

@article{Sirunyan:2017ret,
      author         = "Sirunyan, Albert M and others",
      title          = "{Observation of electroweak production of same-sign W
                        boson pairs in the two jet and two same-sign lepton final
                        state in proton-proton collisions at $\sqrt{s} = $ 13
                        TeV}",
      collaboration  = "CMS",
      year           = "2017",
      eprint         = "1709.05822",
      archivePrefix  = "arXiv",
      primaryClass   = "hep-ex",
      reportNumber   = "CMS-SMP-17-004, CERN-EP-2017-232",
      SLACcitation   = "%%CITATION = ARXIV:1709.05822;%%"
}

@article{Actis:2012qn,
      author         = "Actis, S. and others",
      title          = "{Recursive generation of one-loop amplitudes in the
                        Standard Model}",
      journal        = "JHEP",
      volume         = "04",
      year           = "2013",
      pages          = "037",
      doi            = "10.1007/JHEP04(2013)037",
      eprint         = "1211.6316",
      archivePrefix  = "arXiv",
      primaryClass   = "hep-ph",
      reportNumber   = "PSI-PR-12-09",
      SLACcitation   = "%%CITATION = ARXIV:1211.6316;%%"
}

@article{Actis:2016mpe,
       author         = "Actis, Stefano and others",
      title          = "{RECOLA: REcursive Computation of One-Loop Amplitudes}",
      journal        = "Comput. Phys. Commun.",
      volume         = "214",
      year           = "2017",
      pages          = "140-173",
      doi            = "10.1016/j.cpc.2017.01.004",
      eprint         = "1605.01090",
      archivePrefix  = "arXiv",
      primaryClass   = "hep-ph",
      reportNumber   = "ICCUB-16-020",
      SLACcitation   = "%%CITATION = ARXIV:1605.01090;%%"
}

@article{Berends:1994pv,
      author         = "Berends, Frits A. and Pittau, R. and Kleiss, R.",
      title          = "{All electroweak four fermion processes in electron -
                        positron collisions}",
      journal        = "Nucl. Phys.",
      volume         = "B424",
      year           = "1994",
      pages          = "308-342",
      doi            = "10.1016/0550-3213(94)90297-6",
      eprint         = "hep-ph/9404313",
      archivePrefix  = "arXiv",
      primaryClass   = "hep-ph",
      reportNumber   = "INLO-PUB-1-94, NIKHEF-H-94-08",
      SLACcitation   = "%%CITATION = HEP-PH/9404313;%%"
}

@Article{Denner:1999gp,
     author    = "Denner, Ansgar and others",
     title     = "{Predictions for all processes $e^+ e^-\to4\,$fermions ${}+
                  \gamma$}",
     journal   = "Nucl. Phys.",
     volume    = "B560",
     year      = "1999",
     pages     = "33-65",
     eprint    = "hep-ph/9904472",
     archivePrefix = "arXiv",
     doi       = "10.1016/S0550-3213(99)00437-X",
     SLACcitation  = "%%CITATION = HEP-PH/9904472;%%"
}

@article{Dittmaier:2002ap,
      author         = "Dittmaier, Stefan and Roth, Markus",
      title          = "{LUSIFER: A LUcid approach to six FERmion production}",
      journal        = "Nucl. Phys.",
      volume         = "B642",
      year           = "2002",
      pages          = "307-343",
      doi            = "10.1016/S0550-3213(02)00640-5",
      eprint         = "hep-ph/0206070",
      archivePrefix  = "arXiv",
      primaryClass   = "hep-ph",
      reportNumber   = "DESY-02-081, KA-TP-10-2002",
      SLACcitation   = "%%CITATION = HEP-PH/0206070;%%"
}

@Article{Dittmaier:1999mb,
     author    = "Dittmaier, Stefan",
     title     = "{A general approach to photon radiation off fermions}",
     journal   = "Nucl. Phys.",
     volume    = "B565",
     year      = "2000",
     pages     = "69-122",
     eprint    = "hep-ph/9904440",
     archivePrefix = "arXiv",
     doi       = "10.1016/S0550-3213(99)00563-5",
     SLACcitation  = "%%CITATION = HEP-PH/9904440;%%"
}

@article{Denner:2014gla,
      author         = "Denner, Ansgar and Dittmaier, Stefan and Hofer, Lars",
      title          = "{COLLIER - A fortran-library for one-loop integrals}",
      booktitle      = "{Proceedings, 12th DESY Workshop on Elementary Particle
                        Physics: Loops and Legs in Quantum Field Theory (LL2014)}",
      journal        = "PoS",
      volume         = "LL2014",
      year           = "2014",
      pages          = "071",
      eprint         = "1407.0087",
      archivePrefix  = "arXiv",
      primaryClass   = "hep-ph",
      SLACcitation   = "%%CITATION = ARXIV:1407.0087;%%"
}

@article{Denner:2016kdg,
      author         = "Denner, Ansgar and Dittmaier, Stefan and Hofer, Lars",
      title          = "{{\sc Collier}: a fortran-based Complex One-Loop LIbrary in
                        Extended Regularizations}",
      journal        = "Comput. Phys. Commun.",
      volume         = "212",
      year           = "2017",
      pages          = "220-238",
      doi            = "10.1016/j.cpc.2016.10.013",
      eprint         = "1604.06792",
      archivePrefix  = "arXiv",
      primaryClass   = "hep-ph",
      reportNumber   = "FR-PHENO-2016-003, ICCUB-16-016",
      SLACcitation   = "%%CITATION = ARXIV:1604.06792;%%"
}

@article{Biedermann:2016yds,
      author         = "Biedermann, Benedikt and Denner, Ansgar and Pellen,
                        Mathieu",
      title          = "{Large electroweak corrections to vector-boson scattering
                        at the Large Hadron Collider}",
      journal        = "Phys. Rev. Lett.",
      volume         = "118",
      year           = "2017",
      number         = "26",
      pages          = "261801",
      doi            = "10.1103/PhysRevLett.118.261801",
      eprint         = "1611.02951",
      archivePrefix  = "arXiv",
      primaryClass   = "hep-ph",
      SLACcitation   = "%%CITATION = ARXIV:1611.02951;%%"
}

@article{Biedermann:2017bss,
      author         = "Biedermann, Benedikt and Denner, Ansgar and Pellen,
                        Mathieu",
      title          = "{Complete NLO corrections to W$^{+}$W$^{+}$ scattering
                        and its irreducible background at the LHC}",
      journal        = "JHEP",
      volume         = "10",
      year           = "2017",
      pages          = "124",
      doi            = "10.1007/JHEP10(2017)124",
      eprint         = "1708.00268",
      archivePrefix  = "arXiv",
      primaryClass   = "hep-ph",
      SLACcitation   = "%%CITATION = ARXIV:1708.00268;%%"
}

\bibliography{bbZ}
@article{Maltoni:2012pa,
      author         = "Maltoni, Fabio and Ridolfi, Giovanni and Ubiali, Maria",
      title          = "{b-initiated processes at the LHC: a reappraisal}",
      journal        = "JHEP",
      volume         = "07",
      year           = "2012",
      pages          = "022",
      doi            = "10.1007/JHEP04(2013)095, 10.1007/JHEP07(2012)022",
      note           = "[Erratum: JHEP04,095(2013)]",
      eprint         = "1203.6393",
      archivePrefix  = "arXiv",
      primaryClass   = "hep-ph",
      reportNumber   = "CP3-12-15, TTK-12-11",
      SLACcitation   = "%%CITATION = ARXIV:1203.6393;%%"
}@ARTICLE{Catani:1996vz,
  author = {Catani, S. and Seymour, M. H.},
  title = "{A general algorithm for calculating jet cross sections in NLO QCD}",
  journal = {Nucl. Phys.},
  year = {1997},
  volume = {B485},
  pages = {291-419},
  archiveprefix = {arXiv},
  eprint = {hep-ph/9605323},
  file = {:Catani1996vz.ps.gz:PostScript;:Catani1996vz.pdf:PDF},
  url = {http://www.slac.stanford.edu/spires/find/hep/www?eprint=hep-ph/9605323}
}
@ARTICLE{Catani:2001cc,
  author = {Stefano Catani and Frank Krauss and Ralf Kuhn and Brian R. Webber},
  title = "{QCD matrix elements + parton showers}",
  journal = {JHEP},
  year = {2001},
  volume = {11},
  pages = {063},
  eprint = {hep-ph/0109231},
  file = {:Catani2001cc.pdf:PDF},
  url = {http://www.slac.stanford.edu/spires/find/hep/www?eprint=hep-ph/0109231}
}
@ARTICLE{Catani:2002hc,
  author = {Catani, Stefano and Dittmaier, Stefan and Seymour, Michael H. and
	Trocsanyi, Zoltan},
  title = "{The dipole formalism for next--to--leading order QCD calculations
	with massive partons}",
  journal = {Nucl. Phys.},
  year = {2002},
  volume = {B627},
  pages = {189-265},
  eprint = {hep-ph/0201036},
  file = {:Catani2002hc.pdf:PDF},
  url = {http://www.slac.stanford.edu/spires/find/hep/www?eprint=hep-ph/0201036}
}
@ARTICLE{Frixione:2002ik,
  author = {Frixione, Stefano and Webber, Bryan R.},
  title = "{Matching NLO QCD computations and parton shower simulations}",
  journal = {JHEP},
  year = {2002},
  volume = {06},
  pages = {029},
  eprint = {hep-ph/0204244},
  file = {:Frixione2002ik.pdf:PDF},
  url = {http://www.slac.stanford.edu/spires/find/hep/www?eprint=hep-ph/0204244}
}
@ARTICLE{Gleisberg:2007md,
  author = {Gleisberg, Tanju and Krauss, Frank},
  title = "{Automating dipole subtraction for QCD NLO calculations}",
  journal = {Eur. Phys. J.},
  year = {2008},
  volume = {C53},
  pages = {501-523},
  archiveprefix = {arXiv},
  eprint = {0709.2881},
  file = {:Gleisberg2007md.pdf:PDF},
  primaryclass = {hep-ph},
  url = {http://www.slac.stanford.edu/spires/find/hep/www?eprint=arXiv:0709.2881}
}
@ARTICLE{Gleisberg:2008fv,
  author = {Gleisberg, Tanju and H{\"o}che, Stefan},
  title = "{Comix, a new matrix element generator}",
  journal = {JHEP},
  year = {2008},
  volume = {12},
  pages = {039},
  archiveprefix = {arXiv},
  doi = {10.1088/1126-6708/2008/12/039},
  eprint = {0808.3674},
  file = {:Gleisberg2008fv.pdf:PDF},
  primaryclass = {hep-ph},
  slaccitation = {%%CITATION = 0808.3674;%%},
    url = {http://www.slac.stanford.edu/spires/find/hep/www?rawcmd=f+eprint+0808.3674}
}
@ARTICLE{Gleisberg:2008ta,
  author = {Gleisberg, T. and H{\"o}che, S. and Krauss, F. and Sch\"{o}nherr,
	M. and Schumann, S. and Siegert, F and Winter, J.},
  title = "{Event generation with \Sherpa 1.1}",
  journal = {JHEP},
  year = {2009},
  volume = {02},
  pages = {007},
  archiveprefix = {arXiv},
  doi = {10.1088/1126-6708/2009/02/007},
  eprint = {0811.4622},
  file = {:Gleisberg2008ta.pdf:PDF},
  primaryclass = {hep-ph},
  slaccitation = {%%CITATION = 0811.4622;%%}
}
@article{Hoeche:2011fd,
      author         = "Hoeche, Stefan and Krauss, Frank and Schonherr, Marek and
                        Siegert, Frank",
      title          = "{A critical appraisal of NLO+PS matching methods}",
      journal        = "JHEP",
      volume         = "09",
      year           = "2012",
      pages          = "049",
      doi            = "10.1007/JHEP09(2012)049",
      eprint         = "1111.1220",
      archivePrefix  = "arXiv",
      primaryClass   = "hep-ph",
      reportNumber   = "SLAC-PUB-14661, IPPP-11-67, DCPT-11-134, LPN11-58,
                        FR-PHENO-2011-019, MCNET-11-24",
      SLACcitation   = "%%CITATION = ARXIV:1111.1220;%%"
}
@article{Hoeche:2012yf,
      author         = "Hoeche, Stefan and Krauss, Frank and Schonherr, Marek and
                        Siegert, Frank",
      title          = "{QCD matrix elements + parton showers: The NLO case}",
      journal        = "JHEP",
      volume         = "1304",
      pages          = "027",
      doi            = "10.1007/JHEP04(2013)027",
      year           = "2013",
      eprint         = "1207.5030",
      archivePrefix  = "arXiv",
      primaryClass   = "hep-ph",
      reportNumber   = "SLAC-PUB-15191, IPPP-12-52, DCPT-12-104, LPN12-081,
                        FR-PHENO-2012-017, MCNET-12-09",
      SLACcitation   = "%%CITATION = ARXIV:1207.5030;%%",
}
@ARTICLE{Krauss:2001iv,
  author = {Frank Krauss and Ralf Kuhn and Gerhard Soff},
  title = "{AMEGIC++ 1.0: A Matrix Element Generator In C++}",
  journal = {JHEP},
  year = {2002},
  volume = {02},
  pages = {044},
  eprint = {hep-ph/0109036},
  file = {:Krauss2001iv.pdf:PDF},
  url = {http://www.slac.stanford.edu/spires/find/hep/www?eprint=hep-ph/0109036}
}
@ARTICLE{Schumann:2007mg,
  author = {Schumann, Steffen and Krauss, Frank},
  title = "{A parton shower algorithm based on Catani-Seymour dipole factorisation}",
  journal = {JHEP},
  year = {2008},
  volume = {03},
  pages = {038},
  archiveprefix = {arXiv},
  eprint = {0709.1027},
  file = {:Schumann2007mg.pdf:PDF},
  primaryclass = {hep-ph},
  url = {http://www.slac.stanford.edu/spires/find/hep/www?eprint=arXiv:0709.1027}
 }
@article{Cascioli:2011va,
      author         = "Cascioli, Fabio and Maierhofer, Philipp and Pozzorini,
                        Stefano",
      title          = "{Scattering Amplitudes with Open Loops}",
      journal        = "Phys. Rev. Lett.",
      volume         = "108",
      year           = "2012",
      pages          = "111601",
      doi            = "10.1103/PhysRevLett.108.111601",
      eprint         = "1111.5206",
      archivePrefix  = "arXiv",
      primaryClass   = "hep-ph",
      reportNumber   = "ZU-TH-23-11, LPN11-66",
      SLACcitation   = "%%CITATION = ARXIV:1111.5206;%%"
}
@article{Cascioli:2014wya,
      author         = "Cascioli, F. and HÃ¶che, S. and Krauss, F. and
                        MaierhÃ¶fer, P. and Pozzorini, S. and Siegert, F.",
      title          = "{Automatic one-loop calculations with Sherpa+OpenLoops}",
      booktitle      = "{Proceedings,  15th International Workshop on Advanced
                        Computing and Analysis Techniques in Physics Research
                        (ACAT 2013)}",
      journal        = "J. Phys. Conf. Ser.",
      volume         = "523",
      year           = "2014",
      pages          = "012058",
      doi            = "10.1088/1742-6596/523/1/012058",
      SLACcitation   = "%%CITATION = 00462,523,012058;%%"
}
@article{Bellm:2015jjp,
      author         = "Bellm, Johannes and others",
      title          = "{Herwig 7.0 / Herwig++ 3.0 Release Note}",
      year           = "2015",
      eprint         = "1512.01178",
      archivePrefix  = "arXiv",
      primaryClass   = "hep-ph",
      reportNumber   = "CERN-PH-TH-2015-289, MAN-HEP-2015-15, IFJPAN-IV-2015-13,
                        HERWIG-2015-01, KA-TP-18-2015, DCPT-15-142, MCNET-15-28,
                        IPPP-15-71",
      SLACcitation   = "%%CITATION = ARXIV:1512.01178;%%"
}
@article{Bahr:2008pv,
      author         = "Bahr, M. and others",
      title          = "{Herwig++ Physics and Manual}",
      journal        = "Eur. Phys. J.",
      volume         = "C58",
      year           = "2008",
      pages          = "639-707",
      doi            = "10.1140/epjc/s10052-008-0798-9",
      eprint         = "0803.0883",
      archivePrefix  = "arXiv",
      primaryClass   = "hep-ph",
      reportNumber   = "CERN-PH-TH-2008-038, CAVENDISH-HEP-08-03, KA-TP-05-2008,
                        DCPT-08-22, IPPP-08-11, CP3-08-05",
      SLACcitation   = "%%CITATION = ARXIV:0803.0883;%%"
}
@article{Alwall:2011uj,
      author         = "Alwall, Johan and Herquet, Michel and Maltoni, Fabio and
                        Mattelaer, Olivier and Stelzer, Tim",
      title          = "{MadGraph 5 : Going Beyond}",
      journal        = "JHEP",
      volume         = "06",
      year           = "2011",
      pages          = "128",
      doi            = "10.1007/JHEP06(2011)128",
      eprint         = "1106.0522",
      archivePrefix  = "arXiv",
      primaryClass   = "hep-ph",
      reportNumber   = "FERMILAB-PUB-11-448-T",
      SLACcitation   = "%%CITATION = ARXIV:1106.0522;%%"
}
@article{Alwall:2014hca,
      author         = "Alwall, J. and Frederix, R. and Frixione, S. and Hirschi,
                        V. and Maltoni, F. and Mattelaer, O. and Shao, H. -S. and
                        Stelzer, T. and Torrielli, P. and Zaro, M.",
      title          = "{The automated computation of tree-level and
                        next-to-leading order differential cross sections, and
                        their matching to parton shower simulations}",
      journal        = "JHEP",
      volume         = "07",
      year           = "2014",
      pages          = "079",
      doi            = "10.1007/JHEP07(2014)079",
      eprint         = "1405.0301",
      archivePrefix  = "arXiv",
      primaryClass   = "hep-ph",
      reportNumber   = "CERN-PH-TH-2014-064, CP3-14-18, LPN14-066, MCNET-14-09,
                        ZU-TH-14-14",
      SLACcitation   = "%%CITATION = ARXIV:1405.0301;%%"
}
@article{Binoth:2010xt,
      author         = "Binoth, T. and others",
      title          = "{A Proposal for a standard interface between Monte Carlo
                        tools and one-loop programs}",
      booktitle      = "{Physics at TeV colliders. Proceedings, 6th Workshop,
                        dedicated to Thomas Binoth, Les Houches, France, June
                        8-26, 2009}",
      journal        = "Comput. Phys. Commun.",
      volume         = "181",
      year           = "2010",
      pages          = "1612-1622",
      doi            = "10.1016/j.cpc.2010.05.016",
      note           = "[,1(2010)]",
      eprint         = "1001.1307",
      archivePrefix  = "arXiv",
      primaryClass   = "hep-ph",
      reportNumber   = "SLAC-PUB-14723, FERMILAB-PUB-10-029-T, LAPTH-003-10",
      SLACcitation   = "%%CITATION = ARXIV:1001.1307;%%"
}
@article{Alioli:2013nda,
      author         = "Alioli, S. and others",
      title          = "{Update of the Binoth Les Houches Accord for a standard
                        interface between Monte Carlo tools and one-loop
                        programs}",
      journal        = "Comput. Phys. Commun.",
      volume         = "185",
      year           = "2014",
      pages          = "560-571",
      doi            = "10.1016/j.cpc.2013.10.020",
      eprint         = "1308.3462",
      archivePrefix  = "arXiv",
      primaryClass   = "hep-ph",
      reportNumber   = "MPP-2013-237",
      SLACcitation   = "%%CITATION = ARXIV:1308.3462;%%"
}
@article{Andersen:2014efa,
      author         = "Andersen, J. R. and others",
      title          = "{Les Houches 2013: Physics at TeV Colliders: Standard
                        Model Working Group Report}",
      year           = "2014",
      eprint         = "1405.1067",
      archivePrefix  = "arXiv",
      primaryClass   = "hep-ph",
      SLACcitation   = "%%CITATION = ARXIV:1405.1067;%%"
}
@article{Platzer:2011bc,
      author         = "Platzer, Simon and Gieseke, Stefan",
      title          = "{Dipole Showers and Automated NLO Matching in Herwig++}",
      journal        = "Eur. Phys. J.",
      volume         = "C72",
      year           = "2012",
      pages          = "2187",
      doi            = "10.1140/epjc/s10052-012-2187-7",
      eprint         = "1109.6256",
      archivePrefix  = "arXiv",
      primaryClass   = "hep-ph",
      reportNumber   = "DESY-11-162, KA-TP-24-2011, HERWIG-11-01, MCNET-11-24",
      SLACcitation   = "%%CITATION = ARXIV:1109.6256;%%"
}
@article{Nason:2004rx,
      author         = "Nason, Paolo",
      title          = "{A New method for combining NLO QCD with shower Monte
                        Carlo algorithms}",
      journal        = "JHEP",
      volume         = "11",
      year           = "2004",
      pages          = "040",
      doi            = "10.1088/1126-6708/2004/11/040",
      eprint         = "hep-ph/0409146",
      archivePrefix  = "arXiv",
      primaryClass   = "hep-ph",
      reportNumber   = "BICOCCA-FT-04-11",
      SLACcitation   = "%%CITATION = HEP-PH/0409146;%%"
}
@article{Gieseke:2003rz,
      author         = "Gieseke, Stefan and Stephens, P. and Webber, Bryan",
      title          = "{New formalism for QCD parton showers}",
      journal        = "JHEP",
      volume         = "12",
      year           = "2003",
      pages          = "045",
      doi            = "10.1088/1126-6708/2003/12/045",
      eprint         = "hep-ph/0310083",
      archivePrefix  = "arXiv",
      primaryClass   = "hep-ph",
      reportNumber   = "CAVENDISH-HEP-03-18, CERN-TH-2003-239",
      SLACcitation   = "%%CITATION = HEP-PH/0310083;%%"
}
@article{Platzer:2009jq,
      author         = "Platzer, Simon and Gieseke, Stefan",
      title          = "{Coherent Parton Showers with Local Recoils}",
      journal        = "JHEP",
      volume         = "01",
      year           = "2011",
      pages          = "024",
      doi            = "10.1007/JHEP01(2011)024",
      eprint         = "0909.5593",
      archivePrefix  = "arXiv",
      primaryClass   = "hep-ph",
      reportNumber   = "HERWIG-09-06, KA-TP-15-2009, MCNET-09-15",
      SLACcitation   = "%%CITATION = ARXIV:0909.5593;%%"
}
@article{Sjodahl:2014opa,
      author         = "Sjodahl, Malin",
      title          = "{ColorFull -- a C++ library for calculations in SU(Nc)
                        color space}",
      journal        = "Eur. Phys. J.",
      volume         = "C75",
      year           = "2015",
      number         = "5",
      pages          = "236",
      doi            = "10.1140/epjc/s10052-015-3417-6",
      eprint         = "1412.3967",
      archivePrefix  = "arXiv",
      primaryClass   = "hep-ph",
      reportNumber   = "LU-TP-14-43, MCNET-14-26",
      SLACcitation   = "%%CITATION = ARXIV:1412.3967;%%"
}
@article{Platzer:2013fha,
      author         = "Plätzer, Simon",
      title          = "{Summing Large-$N$ Towers in Colour Flow Evolution}",
      journal        = "Eur. Phys. J.",
      volume         = "C74",
      year           = "2014",
      number         = "6",
      pages          = "2907",
      doi            = "10.1140/epjc/s10052-014-2907-2",
      eprint         = "1312.2448",
      archivePrefix  = "arXiv",
      primaryClass   = "hep-ph",
      reportNumber   = "DESY-13-237, MCNET-13-21",
      SLACcitation   = "%%CITATION = ARXIV:1312.2448;%%"
}
@article{Harland-Lang:2014zoa,
      author         = "Harland-Lang, L. A. and Martin, A. D. and Motylinski, P.
                        and Thorne, R. S.",
      title          = "{Parton distributions in the LHC era: MMHT 2014 PDFs}",
      journal        = "Eur. Phys. J.",
      volume         = "C75",
      year           = "2015",
      number         = "5",
      pages          = "204",
      doi            = "10.1140/epjc/s10052-015-3397-6",
      eprint         = "1412.3989",
      archivePrefix  = "arXiv",
      primaryClass   = "hep-ph",
      reportNumber   = "LCTS-2014-47, IPPP-14-97, DCPT-14-194",
      SLACcitation   = "%%CITATION = ARXIV:1412.3989;%%"
}


@article{Cullen:2011ac,
      author         = "Cullen, Gavin and Greiner, Nicolas and Heinrich, Gudrun
                        and Luisoni, Gionata and Mastrolia, Pierpaolo and others",
      title          = "{Automated One-Loop Calculations with GoSam}",
      journal        = "Eur.Phys.J.",
      volume         = "C72",
      pages          = "1889",
      doi            = "10.1140/epjc/s10052-012-1889-1",
      year           = "2012",
      eprint         = "1111.2034",
      archivePrefix  = "arXiv",
      primaryClass   = "hep-ph",
      reportNumber   = "CERN-PH-TH-2011-272, MPP-2011-132, DESY-11-203,
                        IPPP-11-72, DCPT-11-144, EDINBURGH-2011-32",
      SLACcitation   = "%%CITATION = ARXIV:1111.2034;%%",
}

@article{Nogueira:1991ex,
      author         = "Nogueira, Paulo",
      title          = "{Automatic Feynman graph generation}",
      journal        = "J.Comput.Phys.",
      volume         = "105",
      pages          = "279-289",
      doi            = "10.1006/jcph.1993.1074",
      year           = "1993",
      reportNumber   = "IFM-7-91",
      SLACcitation   = "%%CITATION = JCTPA,105,279;%%",
}
@article{Kuipers:2012rf,
      author         = "Kuipers, J. and Ueda, T. and Vermaseren, J.A.M. and
                        Vollinga, J.",
      title          = "{FORM version 4.0}",
      journal        = "Comput.Phys.Commun.",
      volume         = "184",
      pages          = "1453-1467",
      doi            = "10.1016/j.cpc.2012.12.028",
      year           = "2013",
      eprint         = "1203.6543",
      archivePrefix  = "arXiv",
      primaryClass   = "cs.SC",
      reportNumber   = "NIKHEF-2012-004, TTP12-008, SFB-CPP-12-15",
      SLACcitation   = "%%CITATION = ARXIV:1203.6543;%%",
}

@article{Cullen:2010jv,
      author         = "Cullen, Gavin and Koch-Janusz, Maciej and Reiter, Thomas",
      title          = "{Spinney: A Form Library for Helicity Spinors}",
      journal        = "Comput.Phys.Commun.",
      volume         = "182",
      pages          = "2368-2387",
      doi            = "10.1016/j.cpc.2011.06.007",
      year           = "2011",
      eprint         = "1008.0803",
      archivePrefix  = "arXiv",
      primaryClass   = "hep-ph",
      reportNumber   = "NIKHEF-2010-019, EDINBURGH-2010-021",
      SLACcitation   = "%%CITATION = ARXIV:1008.0803;%%",
}
@article{Mastrolia:2010nb,
      author         = "Mastrolia, P. and Ossola, G. and Reiter, T. and
                        Tramontano, F.",
      title          = "{Scattering AMplitudes from Unitarity-based Reduction
                        Algorithm at the Integrand-level}",
      journal        = "JHEP",
      volume         = "1008",
      pages          = "080",
      doi            = "10.1007/JHEP08(2010)080",
      year           = "2010",
      eprint         = "1006.0710",
      archivePrefix  = "arXiv",
      primaryClass   = "hep-ph",
      reportNumber   = "CERN-PH-TH-2010-124, NIKHEF-2010-015",
      SLACcitation   = "%%CITATION = ARXIV:1006.0710;%%",
}


@Article{Ossola:2006us,
     author    = "Ossola, Giovanni and Papadopoulos, Costas G. and Pittau,
                  Roberto",
     title     = "Reducing full one-loop amplitudes to scalar integrals at
                  the integrand  level",
     journal   = "Nucl. Phys.",
     volume    = "B763",
     year      = "2007",
     pages     = "147-169",
     eprint    = "hep-ph/0609007",
     SLACcitation  = "%%CITATION = HEP-PH/0609007;%%"
}
@article{Cullen:2011kv,
      author         = "Cullen, G. and Guillet, J. Ph. and Heinrich, G. and
                        Kleinschmidt, T. and Pilon, E. and others",
      title          = "{Golem95C: A library for one-loop integrals with complex
                        masses}",
      journal        = "Comput.Phys.Commun.",
      volume         = "182",
      pages          = "2276-2284",
      doi            = "10.1016/j.cpc.2011.05.015",
      year           = "2011",
      eprint         = "1101.5595",
      archivePrefix  = "arXiv",
      primaryClass   = "hep-ph",
      reportNumber   = "EDINBURGH-2011-02, IPPP-11-04, DCPT-11-08, MPP-2011-5,
                        NIKHEF-2011-002",
      SLACcitation   = "%%CITATION = ARXIV:1101.5595;%%",
}
@article{Cullen:2014yla,
      author         = "Cullen, Gavin and van Deurzen, Hans and Greiner, Nicolas
                        and Heinrich, Gudrun and Luisoni, Gionata and others",
      title          = "{G$\scriptsize{O}$S$\scriptsize{AM}$-2.0: a tool for
                        automated one-loop calculations within the Standard Model
                        and beyond}",
      journal        = "Eur.Phys.J.",
      number         = "8",
      volume         = "C74",
      pages          = "3001",
      doi            = "10.1140/epjc/s10052-014-3001-5",
      year           = "2014",
      eprint         = "1404.7096",
      archivePrefix  = "arXiv",
      primaryClass   = "hep-ph",
      reportNumber   = "DESY-14-061, MPP-2014-145",
      SLACcitation   = "%%CITATION = ARXIV:1404.7096;%%",
}

@article{vanDeurzen:2013saa,
      author         = "van Deurzen, Hans and Luisoni, Gionata and Mastrolia,
                        Pierpaolo and Mirabella, Edoardo and Ossola, Giovanni and
                        others",
      title          = "{Multi-leg One-loop Massive Amplitudes from Integrand
                        Reduction via Laurent Expansion}",
      journal        = "JHEP",
      volume         = "1403",
      pages          = "115",
      doi            = "10.1007/JHEP03(2014)115",
      year           = "2014",
      eprint         = "1312.6678",
      archivePrefix  = "arXiv",
      primaryClass   = "hep-ph",
      SLACcitation   = "%%CITATION = ARXIV:1312.6678;%%",
}

@article{Peraro:2014cba,
      author         = "Peraro, Tiziano",
      title          = "{Ninja: Automated Integrand Reduction via Laurent
                        Expansion for One-Loop Amplitudes}",
      journal        = "Comput.Phys.Commun.",
      volume         = "185",
      pages          = "2771-2797",
      doi            = "10.1016/j.cpc.2014.06.017",
      year           = "2014",
      eprint         = "1403.1229",
      archivePrefix  = "arXiv",
      primaryClass   = "hep-ph",
      reportNumber   = "MPP-2014-50",
      SLACcitation   = "%%CITATION = ARXIV:1403.1229;%%",
}

@article{Mastrolia:2012bu,
      author         = "Mastrolia, Pierpaolo and Mirabella, Edoardo and Peraro,
                        Tiziano",
      title          = "{Integrand reduction of one-loop scattering amplitudes
                        through Laurent series expansion}",
      journal        = "JHEP",
      volume         = "1206",
      pages          = "095",
      doi            = "10.1007/JHEP11(2012)128, 10.1007/JHEP06(2012)095",
      year           = "2012",
      eprint         = "1203.0291",
      archivePrefix  = "arXiv",
      primaryClass   = "hep-ph",
      reportNumber   = "MPI-2012-51",
      SLACcitation   = "%%CITATION = ARXIV:1203.0291;%%",
}
@Article{Stelzer:1994ta,
     author    = "Stelzer, T. and Long, W. F.",
     title     = "Automatic generation of tree level helicity amplitudes",
     journal   = "Comput. Phys. Commun.",
     volume    = "81",
     year      = "1994",
     pages     = "357-371",
     eprint    = "hep-ph/9401258",
     SLACcitation  = "%%CITATION = HEP-PH/9401258;%%"
}
@Article{Alwall:2007st,
     author    = "Alwall, Johan and others",
     title     = "{MadGraph/MadEvent v4: The New Web Generation}",
     journal   = "JHEP",
     volume    = "09",
     year      = "2007",
     pages     = "028",
     eprint    = "0706.2334",
     archivePrefix = "arXiv",
     primaryClass  =  "hep-ph",
     SLACcitation  = "%%CITATION = 0706.2334;%%"
}
@article{Ball:2014uwa,
      author         = "Ball, Richard D. and others",
      title          = "{Parton distributions for the LHC Run II}",
      collaboration  = "NNPDF",
      journal        = "JHEP",
      volume         = "04",
      year           = "2015",
      pages          = "040",
      doi            = "10.1007/JHEP04(2015)040",
      eprint         = "1410.8849",
      archivePrefix  = "arXiv",
      primaryClass   = "hep-ph",
      reportNumber   = "EDINBURGH-2014-15, IFUM-1034-FT, CERN-PH-TH-2013-253,
                        OUTP-14-11P, CAVENDISH-HEP-14-11",
      SLACcitation   = "%%CITATION = ARXIV:1410.8849;%%"
}